
@phdthesis{Perlin86,	
 author = {Perlin, K H},
 title = {Synthesizing Realistic Textures by the Composition of Perceptually Motivated Functions},
 year = {1986},
 note = {UMI Order No. GAX86-26902},
 publisher = {New York University},
 address = {New York, NY, USA},
} 

@phdthesis{Musgrave93,
 author = {Musgrave, Forest Kenton},
 title = {Methods for Realistic Landscape Imaging},
 year = {1993},
 note = {UMI Order No. GAX94-15872},
 publisher = {Yale University},
 address = {New Haven, CT, USA},
} 

@inproceedings{Heeger95,
 author = {Heeger, David J. and Bergen, James R.},
 title = {Pyramid-based Texture Analysis/Synthesis},
 booktitle = {Proceedings of the 22Nd Annual Conference on Computer Graphics and Interactive Techniques},
 series = {SIGGRAPH '95},
 year = {1995},
 isbn = {0-89791-701-4},
 pages = {229--238},
 numpages = {10},
 url = {http://doi.acm.org/10.1145/218380.218446},
 doi = {10.1145/218380.218446},
 acmid = {218446},
 publisher = {ACM},
 address = {New York, NY, USA},
} 

@inproceedings{Worley96,
 author = {Worley, Steven},
 title = {A Cellular Texture Basis Function},
 booktitle = {Proceedings of the 23rd Annual Conference on Computer Graphics and Interactive Techniques},
 series = {SIGGRAPH '96},
 year = {1996},
 isbn = {0-89791-746-4},
 pages = {291--294},
 numpages = {4},
 url = {http://doi.acm.org/10.1145/237170.237267},
 doi = {10.1145/237170.237267},
 acmid = {237267},
 publisher = {ACM},
 address = {New York, NY, USA},
} 

@article{Efros99,
	Author = {Alexei A. Efros and Thomas K. Leung},
	Journal = {Proceedings of ICCV '99},
	Pages = {1033--1038},
	Title = {Texture Synthesis by Non-Parametric Sampling},
	Volume = 2,
	Year = {1999}
}

@inproceedings{Gionis99,
 author = {Gionis, Aristides and Indyk, Piotr and Motwani, Rajeev},
 title = {Similarity Search in High Dimensions via Hashing},
 booktitle = {Proceedings of the 25th International Conference on Very Large Data Bases},
 series = {VLDB '99},
 year = {1999},
 isbn = {1-55860-615-7},
 pages = {518--529},
 numpages = {12},
 url = {http://dl.acm.org/citation.cfm?id=645925.671516},
 acmid = {671516},
 publisher = {Morgan Kaufmann Publishers Inc.},
 address = {San Francisco, CA, USA},
} 

@inproceedings{Bertalmio00,
 author = {Bertalmio, Marcelo and Sapiro, Guillermo and Caselles, Vincent and Ballester, Coloma},
 title = {Image Inpainting},
 booktitle = {Proceedings of the 27th Annual Conference on Computer Graphics and Interactive Techniques},
 series = {SIGGRAPH '00},
 year = {2000},
 isbn = {1-58113-208-5},
 pages = {417--424},
 numpages = {8},
 url = {http://dx.doi.org/10.1145/344779.344972},
 doi = {10.1145/344779.344972},
 acmid = {344972},
 publisher = {ACM Press/Addison-Wesley Publishing Co.},
 address = {New York, NY, USA},
 keywords = {anisotropic diffusion, image restoration, inpainting, isophotes},
} 

@inproceedings{Praun00,
 author = {Praun, Emil and Finkelstein, Adam and Hoppe, Hugues},
 title = {Lapped Textures},
 booktitle = {Proceedings of the 27th Annual Conference on Computer Graphics and Interactive Techniques},
 series = {SIGGRAPH '00},
 year = {2000},
 isbn = {1-58113-208-5},
 pages = {465--470},
 numpages = {6},
 url = {http://dx.doi.org/10.1145/344779.344987},
 doi = {10.1145/344779.344987},
 acmid = {344987},
 publisher = {ACM Press/Addison-Wesley Publishing Co.},
 address = {New York, NY, USA},
 keywords = {parametrizations, texture mapping, texture synthesis},
} 

@inproceedings{Schodl00,
 author = {Sch\"{o}dl, Arno and Szeliski, Richard and Salesin, David H. and Essa, Irfan},
 title = {Video Textures},
 booktitle = {Proceedings of the 27th Annual Conference on Computer Graphics and Interactive Techniques},
 series = {SIGGRAPH '00},
 year = {2000},
 isbn = {1-58113-208-5},
 pages = {489--498},
 numpages = {10},
 url = {http://dx.doi.org/10.1145/344779.345012},
 doi = {10.1145/344779.345012},
 acmid = {345012},
 publisher = {ACM Press/Addison-Wesley Publishing Co.},
 address = {New York, NY, USA},
 keywords = {animation, image-based rendering, morphing, multimedia, natural phenomena, texture synthesis, video sprites, video-based animation, video-based rendering, view morphing},
} 

@INPROCEEDINGS{Stelmach00,
	author={Stelmach, L.B. and Tam, W.J. and Meegan, D.V. and Vincent, A. and Corriveau, P.},
	booktitle={Image Processing, 2000. Proceedings. 2000 International Conference on},
	title={Human perception of mismatched stereoscopic 3D inputs},
	year={2000},
	month={},
	volume={1},
	pages={5-8 vol.1},
	keywords={bandwidth compression;data compression;discrete cosine transforms;filtering theory;low-pass filters;quantisation (signal);stereo image processing;transform coding;video coding;visual perception;DCT-based quantization;asymmetrical coding;binocular perception;high-quality image;human perception;low-pass filtering;mismatched stereoscopic 3D inputs;standard monoscopic images;stereoscopic sequences;stereoscopic video image transmission;storage reduction;transmission bandwidth reduction;video streams coding;Bandwidth;Degradation;Eyes;Filtering;Humans;Image coding;Low pass filters;Quantization;Testing;Visual system},
	doi={10.1109/ICIP.2000.900878},
	ISSN={1522-4880},
}

@article{Wei00,
	Author = {Li-Yi Wei and Marc Levoy},
	Journal = {Proceedings of SIGGRAPH 2000},
	Pages = {479--488},
	Title = {Fast texture synthesis using tree-structured vector quantization},
	Year = {2000}
}

@inproceedings{Ashikhmin01,
 author = {Ashikhmin, Michael},
 title = {Synthesizing Natural Textures},
 booktitle = {Proceedings of the 2001 Symposium on Interactive 3D Graphics},
 series = {I3D '01},
 year = {2001},
 isbn = {1-58113-292-1},
 pages = {217--226},
 numpages = {10},
 url = {http://doi.acm.org/10.1145/364338.364405},
 doi = {10.1145/364338.364405},
 acmid = {364405},
 publisher = {ACM},
 address = {New York, NY, USA},
 keywords = {texture synthesys, user interaction},
} 

@article{Efros01,
  author = {Efros, Alexei A. and Freeman, William T.},
  title = {Image Quilting for Texture Synthesis and Transfer},
  journal = {Proceedings of SIGGRAPH '01},
  pages = {341--346},
  year = {2001},
} 

@article{Liang01,
 author = {Liang, Lin and Liu, Ce and Xu, Ying-Qing and Guo, Baining and Shum, Heung-Yeung},
 title = {Real-time Texture Synthesis by Patch-based Sampling},
 journal = {ACM Trans. Graph.},
 issue_date = {July 2001},
 volume = {20},
 number = {3},
 month = jul,
 year = {2001},
 issn = {0730-0301},
 pages = {127--150},
 numpages = {24},
 url = {http://doi.acm.org/10.1145/501786.501787},
 doi = {10.1145/501786.501787},
 acmid = {501787},
 publisher = {ACM},
 address = {New York, NY, USA},
 keywords = {Texture synthesis, patch-pasted nonparametric sampling},
} 

@article{Hertzmann01,
	Author = {Aaron Hertzmann and Charles E. Jacobs and Nuria Oliver and Brian Curless and David H. Salesin},
	Journal = {Proceedings of SIGGRAPH 2001},
	Pages = {327--340},
	Title = {Image analogies},
	Year = {2001}
}

@ARTICLE{Oliva01,
    author = {Aude Oliva and Antonio Torralba},
    title = {Modeling the Shape of the Scene: A Holistic Representation of the Spatial Envelope},
    journal = {International Journal of Computer Vision},
    year = {2001},
    volume = {42},
    pages = {145--175}
}

@inproceedings{Sawhney01,
 author = {Sawhney, Harpreet S. and Guo, Yanlin and Hanna, Keith and Kumar, Rakesh and Adkins, Sean and Zhou, Samuel},
 title = {Hybrid Stereo Camera: An IBR Approach for Synthesis of Very High Resolution Stereoscopic Image Sequences},
 booktitle = {Proceedings of the 28th Annual Conference on Computer Graphics and Interactive Techniques},
 series = {SIGGRAPH '01},
 year = {2001},
 isbn = {1-58113-374-X},
 pages = {451--460},
 numpages = {10},
 url = {http://doi.acm.org/10.1145/383259.383312},
 doi = {10.1145/383259.383312},
 acmid = {383312},
 publisher = {ACM},
 address = {New York, NY, USA},
 keywords = {image analysis, image-based rendering, stereo sequence synthesis},
} 

@book{Ebert02,
  author = {Ebert, David S. and Musgrave, F. Kenton and Peachey, Darwyn and Perlin, Ken and Worley, Steven},
  title = {Texturing and Modeling: A Procedural Approach},
  year = {2002},
  isbn = {1558608486},
  edition = {3rd},
  publisher = {Morgan Kaufmann Publishers Inc.},
  address = {San Francisco, CA, USA},
} 

@ARTICLE{Scharstein02,
    author = {Daniel Scharstein and Richard Szeliski},
    title = {A taxonomy and evaluation of dense two-frame stereo correspondence algorithms},
    journal = {International Journal of Computer Vision},
    year = {2002},
    volume = {47},
    pages = {7--42}
}

@inproceedings{Schodl02,
 author = {Sch\"{o}dl, Arno and Essa, Irfan A.},
 title = {Controlled Animation of Video Sprites},
 booktitle = {Proceedings of the 2002 ACM SIGGRAPH/Eurographics Symposium on Computer Animation},
 series = {SCA '02},
 year = {2002},
 isbn = {1-58113-573-4},
 location = {San Antonio, Texas},
 pages = {121--127},
 numpages = {7},
 url = {http://doi.acm.org/10.1145/545261.545281},
 doi = {10.1145/545261.545281},
 acmid = {545281},
 publisher = {ACM},
 address = {New York, NY, USA},
 keywords = {character animation, optimization, video sprites, video textures},
} 

@article{Tong02,
 author = {Tong, Xin and Zhang, Jingdan and Liu, Ligang and Wang, Xi and Guo, Baining and Shum, Heung-Yeung},
 title = {Synthesis of Bidirectional Texture Functions on Arbitrary Surfaces},
 journal = {ACM Trans. Graph.},
 issue_date = {July 2002},
 volume = {21},
 number = {3},
 month = jul,
 year = {2002},
 issn = {0730-0301},
 pages = {665--672},
 numpages = {8},
 url = {http://doi.acm.org/10.1145/566654.566634},
 doi = {10.1145/566654.566634},
 acmid = {566634},
 publisher = {ACM},
 address = {New York, NY, USA},
 keywords = {3D textons, bidirectional texture function, reflectance and shading models, surfaces, texture mapping, texture synthesis},
} 

@phdthesis{Wei02,
 author = {Wei, Li-Yi},
 advisor = {Levoy, Marc},
 title = {Texture Synthesis by Fixed Neighborhood Searching},
 year = {2002},
 isbn = {0-493-52003-1},
 note = {AAI3038169},
 publisher = {Stanford University},
 address = {Stanford, CA, USA},
} 

@article{Drori03,
 author = {Drori, Iddo and Cohen-Or, Daniel and Yeshurun, Hezy},
 title = {Fragment-based Image Completion},
 journal = {ACM Trans. Graph.},
 issue_date = {July 2003},
 volume = {22},
 number = {3},
 month = jul,
 year = {2003},
 issn = {0730-0301},
 pages = {303--312},
 numpages = {10},
 url = {http://doi.acm.org/10.1145/882262.882267},
 doi = {10.1145/882262.882267},
 acmid = {882267},
 publisher = {ACM},
 address = {New York, NY, USA},
 keywords = {compositing, digital matting, example-based synthesis, image completion},
} 

@article{Kwatra03,
  author = {Kwatra, Vivek and Sch\"{o}dl, Arno and Essa, Irfan and Turk, Greg and Bobick, Aaron},
  title = {Graphcut Textures: Image and Video Synthesis Using Graph Cuts},
  journal = {ACM SIGGRAPH 2003 Papers},
  volume = {22},
  number = {3},
  year = {2003},
  pages = {277--286},
} 

@article{Zhang03,
  author = {Zhang, Jingdan and Zhou, Kun and Velho, Luiz and Guo, Baining and Shum, Heung-Yeung},
  title = {Synthesis of Progressively-variant Textures on Arbitrary Surfaces},
  journal = {ACM Transactions on Graphics (Proceedings of SIGGRAPH 2003)},
  volume = {22},
  number = {3},
  year = {2003},
  pages = {295--302},
}

@article{Agarwala04,
 author = {Agarwala, Aseem and Dontcheva, Mira and Agrawala, Maneesh and Drucker, Steven and Colburn, Alex and Curless, Brian and Salesin, David and Cohen, Michael},
 title = {Interactive Digital Photomontage},
 journal = {ACM Trans. Graph.},
 issue_date = {August 2004},
 volume = {23},
 number = {3},
 month = aug,
 year = {2004},
 issn = {0730-0301},
 pages = {294--302},
 numpages = {9},
 url = {http://doi.acm.org/10.1145/1015706.1015718},
 doi = {10.1145/1015706.1015718},
 acmid = {1015718},
 publisher = {ACM},
 address = {New York, NY, USA},
 keywords = {Interactive image editing, image compositing, user-guided optimization},
} 

@inproceedings{Bhat04,
 author = {Bhat, Pravin and Ingram, Stephen and Turk, Greg},
 title = {Geometric Texture Synthesis by Example},
 booktitle = {Proceedings of the 2004 Eurographics/ACM SIGGRAPH Symposium on Geometry Processing},
 series = {SGP '04},
 year = {2004},
 isbn = {3-905673-13-4},
 location = {Nice, France},
 pages = {41--44},
 numpages = {4},
 url = {http://doi.acm.org/10.1145/1057432.1057437},
 doi = {10.1145/1057432.1057437},
 acmid = {1057437},
 publisher = {ACM},
 address = {New York, NY, USA},
} 

@article{Liu04,
  author = {Yanxi Liu and Web-Chieh Lin and James H. Hays},
  title = {Near-Regular Texture Analysis and Manipulation},
  journal = {ACM Transactions on Graphics (Proceedings of SIGGRAPH 2004)},
  volume = {23},
  number = {3},
  year = {2004},
} 

@article{Wu04,
  author = {Wu, Qing and Yu, Yizhou},
  title = {Feature Matching and Deformation for Texture Synthesis},
  journal = {ACM Transactions on Graphics (Proceedings of SIGGRAPH 2004)},
  volume = {23},
  number = {3},
  year = {2004},
  pages = {364--367},
} 

@article{Agarwala05,
 author = {Agarwala, Aseem and Zheng, Ke Colin and Pal, Chris and Agrawala, Maneesh and Cohen, Michael and Curless, Brian and Salesin, David and Szeliski, Richard},
 title = {Panoramic Video Textures},
 journal = {ACM Trans. Graph.},
 issue_date = {July 2005},
 volume = {24},
 number = {3},
 month = jul,
 year = {2005},
 issn = {0730-0301},
 pages = {821--827},
 numpages = {7},
 url = {http://doi.acm.org/10.1145/1073204.1073268},
 doi = {10.1145/1073204.1073268},
 acmid = {1073268},
 publisher = {ACM},
 address = {New York, NY, USA},
 keywords = {panoramas, video textures, video-based rendering},
} 

@article{Hel05,
  title={Real-time pattern matching using projection kernels},
  author={Hel-Or, Yacov and Hel-Or, Hagit},
  journal={Pattern Analysis and Machine Intelligence, IEEE Transactions on},
  volume={27},
  number={9},
  pages={1430--1445},
  year={2005},
  publisher={IEEE}
}


@article{Kwatra05,
  author = {Kwatra, Vivek and Essa, Irfan and Bobick, Aaron and Kwatra, Nipun},
  title = {Texture Optimization for Example-based Synthesis},
  journal = {ACM Transactions on Graphics (Proceedings of SIGGRAPH 2005)},
  volume = {24},
  number = {3},
  year = {2005},
  pages = {795--802},
} 

@article{Matusik05,
 author = {Matusik, Wojciech and Zwicker, Matthias and Durand, Fr{\'e}do},
 title = {Texture Design Using a Simplicial Complex of Morphable Textures},
 journal = {ACM Trans. Graph.},
 issue_date = {July 2005},
 volume = {24},
 number = {3},
 month = jul,
 year = {2005},
 issn = {0730-0301},
 pages = {787--794},
 numpages = {8},
 url = {http://doi.acm.org/10.1145/1073204.1073262},
 doi = {10.1145/1073204.1073262},
 acmid = {1073262},
 publisher = {ACM},
 address = {New York, NY, USA},
 keywords = {data-driven models, image warping, morphable models, texture synthesis},
} 

@article{Moustakas05,
 author = {Moustakas, K. and Tzovaras, D. and Strintzis, M. G.},
 title = {Stereoscopic Video Generation Based on Efficient Layered Structure and Motion Estimation from a Monoscopic Image Sequence},
 journal = {IEEE Trans. Cir. and Sys. for Video Technol.},
 issue_date = {August 2005},
 volume = {15},
 number = {8},
 month = aug,
 year = {2005},
 issn = {1051-8215},
 pages = {1065--1073},
 numpages = {9},
 url = {http://dx.doi.org/10.1109/TCSVT.2005.852401},
 doi = {10.1109/TCSVT.2005.852401},
 acmid = {2323791},
 publisher = {IEEE Press},
 address = {Piscataway, NJ, USA},
 keywords = {Bayesian classification, object tracking, recursive filtering, stereoscopic video generation, structure reconstruction},
} 

@article{Sun05,
  title = {Image completion with structure propagation},
  author = {Sun, J. and Yuan, L. and Jia, J. and Shum, H.Y.},
  journal = {ACM Transactions on Graphics (Proceedings of SIGGRAPH 2005)},
  volume={24},
  number={3},
  pages={861--868},
  year={2005}
}

@article{Han06,
  author = {Han, Jianwei and Zhou, Kun and Wei, Li-Yi and Gong, Minmin and Bao, Hujun and Zhang, Xinming and Guo, Baining},
  title = {Fast example-based surface texture synthesis via discrete optimization.},
  journal = {The Visual Computer},
  volume = {22},
  number = {9-11},
  pages = {918-925},
  year = {2006},
}

@article{Lefebvre06,
  author = {Lefebvre, Sylvain and Hoppe, Hugues},
  title = {Appearance-space Texture Synthesis},
  journal = {ACM Transactions on Graphics (Proceedings of SIGGRAPH 2006)},
  volume = {25},
  number = {3},
  year = {2006},
  pages = {541--548},
}

@INPROCEEDINGS{Seitz06,
	author={Seitz, S.M. and Curless, B. and Diebel, J. and Scharstein, D. and Szeliski, R.},
	booktitle={Computer Vision and Pattern Recognition, 2006 IEEE Computer Society Conference on},
	title={A Comparison and Evaluation of Multi-View Stereo Reconstruction Algorithms},
	year={2006},
	month={June},
	volume={1},
	pages={519-528},
	keywords={Cameras;Educational institutions;Image databases;Image reconstruction;Layout;Reconstruction algorithms;Shape measurement;Stereo image processing;Stereo vision;Taxonomy},
	doi={10.1109/CVPR.2006.19},
	ISSN={1063-6919},
}

@article{Zhou06,
 author = {Zhou, Kun and Huang, Xin and Wang, Xi and Tong, Yiying and Desbrun, Mathieu and Guo, Baining and Shum, Heung-Yeung},
 title = {Mesh Quilting for Geometric Texture Synthesis},
 journal = {ACM Trans. Graph.},
 issue_date = {July 2006},
 volume = {25},
 number = {3},
 month = jul,
 year = {2006},
 issn = {0730-0301},
 pages = {690--697},
 numpages = {8},
 url = {http://doi.acm.org/10.1145/1141911.1141942},
 doi = {10.1145/1141911.1141942},
 acmid = {1141942},
 publisher = {ACM},
 address = {New York, NY, USA},
 keywords = {geometric detail, shell mapping, texture synthesis},
} 

@article{Hays07,
 author = {Hays, James and Efros, Alexei A.},
 title = {Scene Completion Using Millions of Photographs},
 journal = {ACM Trans. Graph.},
 issue_date = {July 2007},
 volume = {26},
 number = {3},
 month = jul,
 year = {2007},
 issn = {0730-0301},
 articleno = {4},
 url = {http://doi.acm.org/10.1145/1276377.1276382},
 doi = {10.1145/1276377.1276382},
 acmid = {1276382},
 publisher = {ACM},
 address = {New York, NY, USA},
 keywords = {hole filling, image completion, image compositing, image database, inpainting},
} 

@article{Kopf07,
	author = {Johannes Kopf and Chi-Wing Fu and Daniel Cohen-Or and Oliver Deussen and Dani Lischinski and Tien-Tsin Wong},
	title = {Solid Texture Synthesis from 2D Exemplars},
	journal = {ACM Transactions on Graphics (Proceedings of SIGGRAPH 2007)},
	year = {2007},
	volume = {26},
	number = {3},
  pages = {Article no. 2},
}

@article{Lu07,
 author = {Lu, Jianye and Georghiades, Athinodoros S. and Glaser, Andreas and Wu, Hongzhi and Wei, Li-Yi and Guo, Baining and Dorsey, Julie and Rushmeier, Holly},
 title = {Context-aware Textures},
 journal = {ACM Trans. Graph.},
 issue_date = {January 2007},
 volume = {26},
 number = {1},
 month = jan,
 year = {2007},
 issn = {0730-0301},
 articleno = {3},
 url = {http://doi.acm.org/10.1145/1189762.1189765},
 doi = {10.1145/1189762.1189765},
 acmid = {1189765},
 publisher = {ACM},
 address = {New York, NY, USA},
 keywords = {Aging, data capture, natural phenomenon, realistic rendering, texture synthesis, weathering},
} 

@article{Wexler07,
  title={Space-time completion of video},
  author={Wexler, Y. and Shechtman, E. and Irani, M.},
  journal={Transactions on Pattern Analysis and Machine Intelligence (PAMI)},
  volume={29},
  number={3},
  pages={463--476},
  year={2007}
}

@article{Zhang07,
  title={Stereoscopic video synthesis from a monocular video},
  author={Zhang, Guofeng and Hua, Wei and Qin, Xueying and Wong, Tien-Tsin and Bao, Hujun},
  journal={Visualization and Computer Graphics, IEEE Transactions on},
  volume={13},
  number={4},
  pages={686--696},
  year={2007},
  publisher={IEEE}
}

@inproceedings{Bhat08,
 author = {Bhat, Pravin and Curless, Brian and Cohen, Michael and Zitnick, C. Lawrence},
 title = {Fourier Analysis of the 2D Screened Poisson Equation for Gradient Domain Problems},
 booktitle = {Proceedings of the 10th European Conference on Computer Vision: Part II},
 series = {ECCV '08},
 year = {2008},
 isbn = {978-3-540-88685-3},
 location = {Marseille, France},
 pages = {114--128},
 numpages = {15},
 url = {http://dx.doi.org/10.1007/978-3-540-88688-4_9},
 doi = {10.1007/978-3-540-88688-4_9},
 acmid = {1479262},
 publisher = {Springer-Verlag},
 address = {Berlin, Heidelberg},
} 

@inproceedings{Dong08,
 author = {Dong, Yue and Lefebvre, Sylvain and Tong, Xin and Drettakis, George},
 title = {Lazy Solid Texture Synthesis},
 booktitle = {Proceedings of the Nineteenth Eurographics Conference on Rendering},
 series = {EGSR '08},
 year = {2008},
 location = {Sarajevo, Bosnia and Herzegovina},
 pages = {1165--1174},
 numpages = {10},
 url = {http://dx.doi.org/10.1111/j.1467-8659.2008.01254.x},
 doi = {10.1111/j.1467-8659.2008.01254.x},
 acmid = {2383479},
 publisher = {Eurographics Association},
 address = {Aire-la-Ville, Switzerland, Switzerland},
} 

@article{Simakov08,
	author = {Denis Simakov and Yaron Caspi and Eli Shechtman and Michal Irani},
	title = {Summarizing visual data using bidirectional similarity},
	journal = {IEEE Conference on Computer Vision and Pattern Recognition (CVPR) 2013},
	year = {2008},
}

@article{Torralba08,
 author = {Torralba, Antonio and Fergus, Rob and Freeman, William T.},
 title = {80 Million Tiny Images: A Large Data Set for Nonparametric Object and Scene Recognition},
 journal = {IEEE Trans. Pattern Anal. Mach. Intell.},
 issue_date = {November 2008},
 volume = {30},
 number = {11},
 month = nov,
 year = {2008},
 issn = {0162-8828},
 pages = {1958--1970},
 numpages = {13},
 url = {http://dx.doi.org/10.1109/TPAMI.2008.128},
 doi = {10.1109/TPAMI.2008.128},
 acmid = {1444403},
 publisher = {IEEE Computer Society},
 address = {Washington, DC, USA},
 keywords = {Computer vision, Computer vision, Object recognition, large datasets, nearest-neighbor methods, Object recognition, large datasets, nearest-neighbor methods},
} 

@INPROCEEDINGS{Torralba08b,
	author={Torralba, A. and Fergus, R. and Weiss, Y.},
	booktitle={Computer Vision and Pattern Recognition, 2008. CVPR 2008. IEEE Conference on},
	title={Small codes and large image databases for recognition},
	year={2008},
	month={June},
	pages={1-8},
	keywords={Internet;binary codes;image coding;image matching;image retrieval;learning (artificial intelligence);object recognition;search engines;very large databases;visual databases;Gist descriptor;Internet;compact binary code;image recognition;image search technique;large image database;machine learning;object recognition;scene matching technique;Application software;Computer graphics;Handheld computers;Hardware;Image databases;Image recognition;Internet;Layout;Object recognition;Standards development},
	doi={10.1109/CVPR.2008.4587633},
	ISSN={1063-6919},
}

@article{Barnes09,
  title = {Patch{M}atch: a randomized correspondence algorithm for structural image editing},
  author = {Barnes, C. and Shechtman, E. and Finkelstein, A. and Goldman, D.B.},
	journal = {ACM Transactions on Graphics (Proceedings of SIGGRAPH 2009)},
  volume = {28},
  number = {3},
  pages = {Article no. 24},
  year = {2009}
}

@inproceedings{Douze09,
	author = {Douze, Matthijs and J{\'e}gou, Herv{\'e} and Sandhawalia, Harsimrat and Amsaleg, Laurent and Schmid, Cordelia},
	title = {Evaluation of GIST Descriptors for Web-scale Image Search},
	booktitle = {Proceedings of the ACM International Conference on Image and Video Retrieval},
	series = {CIVR '09},
	year = {2009},
	isbn = {978-1-60558-480-5},
	location = {Santorini, Fira, Greece},
	pages = {19:1--19:8},
	articleno = {19},
	numpages = {8},
	url = {http://doi.acm.org/10.1145/1646396.1646421},
	doi = {10.1145/1646396.1646421},
	acmid = {1646421},
	publisher = {ACM},
	address = {New York, NY, USA},
} 

@article{Rosenberger09,
	Address = {New York, NY, USA},
	Author = {Rosenberger, Amir and Cohen-Or, Daniel and Lischinski, Dani},
	Journal = {ACM Trans.~Graph.},
	Number = {5},
	Pages = {Article 107},
	Publisher = {ACM},
	Title = {Layered shape synthesis: automatic generation of control maps for non-stationary textures},
	Volume = {28},
	Year = {2009},
}

@article{Wei09,
  author = "Wei, Li-Yi and Lefebvre, Sylvain and Kwatra, Vivek and Turk, Greg",
  title = "State of the Art in Example-based Texture Synthesis",
  journal = "Eurographics 2009, State of the Art Report",
  year = "2009",
}

@inproceedings{Barnes10,
 author = {Barnes, Connelly and Shechtman, Eli and Goldman, Dan B. and Finkelstein, Adam},
 title = {The Generalized Patchmatch Correspondence Algorithm},
 booktitle = {Proceedings of the 11th European Conference on Computer Vision Conference on Computer Vision: Part III},
 series = {ECCV'10},
 year = {2010},
 isbn = {3-642-15557-X, 978-3-642-15557-4},
 location = {Heraklion, Crete, Greece},
 pages = {29--43},
 numpages = {15},
 url = {http://dl.acm.org/citation.cfm?id=1927006.1927010},
 acmid = {1927010},
 publisher = {Springer-Verlag},
 address = {Berlin, Heidelberg},
} 

@INPROCEEDINGS{Corrigan10,
author={Corrigan, D. and Pitié, F. and Morris, V. and Rankin, A. and Linnane, M. and Kearney, G. and Gorzel, M. and O'Dea, M. and Lee, C. and Kokaram, A.},
booktitle={Visual Media Production (CVMP), 2010 Conference on},
title={A Video Database for the Development of Stereo-3D Post-Production Algorithms},
year={2010},
month={Nov},
pages={64-73},
keywords={interpolation;lighting control;stereo image processing;video signal processing;wavelet transforms;data interpolation;restricted lighting control;stereo 3D post production algorithms;video database;wavelet domain;Cameras;Convergence;Databases;Image color analysis;Lenses;Lighting;Mathematical model},
doi={10.1109/CVMP.2010.16},}

@INPROCEEDINGS{Deqing10,
	author={Deqing Sun and Roth, S. and Black, M.J.},
	booktitle={Computer Vision and Pattern Recognition (CVPR), 2010 IEEE Conference on},
	title={Secrets of optical flow estimation and their principles},
	year={2010},
	month={June},
	pages={2432-2439},
	keywords={estimation theory;filtering theory;image sequences;Middlebury optical flow benchmark;image boundaries;intermediate flow fields;large spatial neighborhood;median filtering heuristic;objective function;optical flow estimation algorithm;optimization method;Art;Data flow computing;Filtering;Image motion analysis;Optical filters;Optimization methods;Performance gain;Robustness;Sun},
	doi={10.1109/CVPR.2010.5539939},
	ISSN={1063-6919},
}

@TECHREPORT{Smolic10,
	author={Aljoscha Smolic, Gerhard Tech, and Heribert Brust},
	title={Report on generation of stereo video data base},
	year={2010},
	journal={Mobile 3DTV, Techical Report D2.1},
	month={July},
}

@article{Criminisi10,
  author = {Criminisi, Antonio and Sharp, Toby and Rother, Carsten and P'erez, Patrick},
  title = {Geodesic Image and Video Editing},
  journal = {ACM Transactions on Graphics},
  volume = {29},
  number = {5},
  pages = {article no. 134},
  year = {2010},
}

@article{Ruiters10,
  author = {Ruiters, Roland and Schnabel, Ruwen and Klein, Reinhard},
  title = {Patch-based Texture Interpolation},
  journal = {Proceedings of the 21st Eurographics Conference on Rendering},
  year = {2010},
  pages = {1421--1429},
} 

@phdthesis{Barnes11,
  author = "Connelly Barnes",
  title = "{PatchMatch}: A Fast Randomized Matching Algorithm with
    Application to Image and Video",
  school = "Princeton University",
  year = "2011",
  month = may
}

@Inproceedings {Bleyer11,
	author       = {Michael Bleyer and Christoph Rhemann and Carsten Rother},
	booktitle    = {BMVC},
	title        = {PatchMatch Stereo - Stereo Matching with Slanted Support Windows},
	url          = {http://research.microsoft.com/apps/pubs/default.aspx?id=152957},
	year         = {2011},
}

@inproceedings{Korman11,
 author = {Korman, Simon and Avidan, Shai},
 title = {Coherency Sensitive Hashing},
 booktitle = {Proceedings of the 2011 International Conference on Computer Vision},
 series = {ICCV '11},
 year = {2011},
 isbn = {978-1-4577-1101-5},
 pages = {1607--1614},
 numpages = {8},
 url = {http://dx.doi.org/10.1109/ICCV.2011.6126421},
 doi = {10.1109/ICCV.2011.6126421},
 acmid = {2356312},
 publisher = {IEEE Computer Society},
 address = {Washington, DC, USA},
} 

@article{Ward11,
  title={Depth Director: a system for adding depth to movies},
  author={Ward, Benjamin William Stephen and Kang, Sing Bing and Bennett, Eric P},
  journal={IEEE Computer Graphics and Applications},
  volume={31},
  number={1},
  pages={36--48},
  year={2011}
}

@inproceedings{Wang11,
	author = {Wang, O. and Lang, M. and Frei, M. and Hornung, A. and Smolic, A. and Gross, M.},
	title = {StereoBrush: Interactive 2D to 3D Conversion Using Discontinuous Warps},
	booktitle = {Proceedings of the Eighth Eurographics Symposium on Sketch-Based Interfaces and Modeling},
	series = {SBIM '11},
	year = {2011},
	isbn = {978-1-4503-0906-6},
	location = {Vancouver, British Columbia, Canada},
	pages = {47--54},
	numpages = {8},
	url = {http://doi.acm.org/10.1145/2021164.2021173},
	doi = {10.1145/2021164.2021173},
	acmid = {2021173},
	publisher = {ACM},
	address = {New York, NY, USA},
} 

@article{Darabi12,
  author = {Soheil Darabi and Eli Shechtman and Connelly Barnes and Dan B Goldman and Pradeep Sen},
  title = {Image {M}elding: Combining Inconsistent Images using Patch-based Synthesis},
	journal = {ACM Transactions on Graphics (Proceedings of SIGGRAPH 2012)},
  volume = {31},
  number = {4},
  year = {2012},
}

@inproceedings{He12,
  title={Computing nearest-neighbor fields via propagation-assisted kd-trees},
  author={He, Kaiming and Sun, Jian},
  booktitle={Computer Vision and Pattern Recognition (CVPR), 2012 IEEE Conference on},
  pages={111--118},
  year={2012},
  organization={IEEE}
}

@INPROCEEDINGS{Heise13,
	author={Heise, P. and Klose, S. and Jensen, B. and Knoll, A.},
	booktitle={Computer Vision (ICCV), 2013 IEEE International Conference on},
	title={PM-Huber: PatchMatch with Huber Regularization for Stereo Matching},
	year={2013},
	month={Dec},
	pages={2360-2367},
	keywords={image matching;smoothing methods;stereo image processing;Huber regularization;Middlebury benchmark;PM-Huber;PatchMatch stereo algorithm;estimated plane parameters;integer-valued disparities;integer-valued disparity strategy;match support windows;quadratic relaxation;stereo correspondence algorithms;stereo matching algorithms;sub-pixel accurate disparity estimation;variational smoothing formulation;Benchmark testing;Cameras;Equations;Mathematical model;Minimization;Smoothing methods;Stereo vision;PatchMatch;quadratic relaxation;second-order prior;subpixel stereo matching;variational formulation},
	doi={10.1109/ICCV.2013.293},
	ISSN={1550-5499},
}


@article{Hu13,
 author = {Hu, Shi-Min and Zhang, Fang-Lue and Wang, Miao and Martin, Ralph R. and Wang, Jue},
 title = {PatchNet: A Patch-based Image Representation for Interactive Library-driven Image Editing},
 journal = {ACM Trans. Graph.},
 issue_date = {November 2013},
 volume = {32},
 number = {6},
 month = nov,
 year = {2013},
 issn = {0730-0301},
 pages = {196:1--196:12},
 articleno = {196},
 numpages = {12},
 url = {http://doi.acm.org/10.1145/2508363.2508381},
 doi = {10.1145/2508363.2508381},
 acmid = {2508381},
 publisher = {ACM},
 address = {New York, NY, USA},
 keywords = {PatchNet, contextual features, image representation, interactive image editing, patch synthesis},
} 

@article{He12,
  author = {He, K and Sun, J},
  title =	{Statistics of Patch Offsets for Image Completion},
  journal = {European Conference on Computer Vision (ECCV) 2012},
  Year = 2012
}

@INPROCEEDINGS{Jiangbo13,
	author={Jiangbo Lu and Hongsheng Yang and Dongbo Min and Do, M.N.},
	booktitle={Computer Vision and Pattern Recognition (CVPR), 2013 IEEE Conference on},
	title={Patch Match Filter: Efficient Edge-Aware Filtering Meets Randomized Search for Fast Correspondence Field Estimation},
	year={2013},
	month={June},
	pages={1854-1861},
	keywords={computational complexity;computer vision;edge detection;estimation theory;filtering theory;image matching;image retrieval;image sequences;query formulation;computational complexity;computer vision;edge-aware image filtering;fast correspondence field estimation;optical flow estimation;patch match filter;pixel-labeling problems;pixel-wise randomized search;Complexity theory;Estimation;Image segmentation;Labeling;Optical filters;Optical imaging;Search problems;PatchMatch;cost volume filtering;edge-aware image filtering;nearest-neighbor search;optical flow;stereo},
	doi={10.1109/CVPR.2013.242},
	ISSN={1063-6919},
}

@article{Huang14,
  author = {Jia-Bin Huang and Sing Bing Kang and Narendra Ahuja and Johannes Kopf},
  title = {Image Completion using Planar Structure Guidance},
  journal = {ACM Transactions on Graphics (Proceedings of SIGGRAPH 2014)},
  year = {2014},
  volume = {33},
  number = {4},
  pages = {to appear},
}

@incollection{Jiang14,
	year={2014},
	isbn={978-3-319-11751-5},
	booktitle={Pattern Recognition},
	series={Lecture Notes in Computer Science},
	editor={Jiang, Xiaoyi and Hornegger, Joachim and Koch, Reinhard},
	doi={10.1007/978-3-319-11752-2_3},
	title={High-Resolution Stereo Datasets with Subpixel-Accurate Ground Truth},
	url={http://dx.doi.org/10.1007/978-3-319-11752-2_3},
	publisher={Springer International Publishing},
	author={Scharstein, Daniel and Hirschmüller, Heiko and Kitajima, York and Krathwohl, Greg and Nešić, Nera and Wang, Xi and Westling, Porter},
	pages={31-42},
	language={English}
}

@INPROCEEDINGS{Kalantari14,
	author={Kalantari, N.K. and Shechtman, E. and Darabi, S. and Goldman, D.B. and Sen, P.},
	booktitle={Computational Photography (ICCP), 2014 IEEE International Conference on},
	title={Improving patch-based synthesis by learning patch masks},
	year={2014},
	month={May},
	pages={1-8},
	keywords={feature extraction;image matching;image segmentation;optimisation;rendering (computer graphics);MIHF;SIHF;feature extraction;image editing applications;learning patch mask;manually annotated dataset;multiimage hole filling;patch comparison operation;patch search-and-vote process;patch-based objective function optimisation;patch-based synthesis improvement;simulated divergence;single image hole filling;user assistance;video editing applications;Boolean functions;Data structures;Feature extraction;Image color analysis;Image edge detection;Predictive models;Training},
	doi={10.1109/ICCPHOT.2014.6831808},
}

@article{Kopf14,
 author = {Kopf, Johannes and Cohen, Michael F. and Szeliski, Richard},
 title = {First-person Hyper-lapse Videos},
 journal = {ACM Trans. Graph.},
 issue_date = {July 2014},
 volume = {33},
 number = {4},
 month = jul,
 year = {2014},
 issn = {0730-0301},
 pages = {78:1--78:10},
 articleno = {78},
 numpages = {10},
 url = {http://doi.acm.org/10.1145/2601097.2601195},
 doi = {10.1145/2601097.2601195},
 acmid = {2601195},
 publisher = {ACM},
 address = {New York, NY, USA},
 keywords = {hyper-lapse, image-based rendering, time-lapse},
} 

@article{Besse14,
	year={2014},
	issn={0920-5691},
	journal={International Journal of Computer Vision},
	volume={110},
	number={1},
	doi={10.1007/s11263-013-0653-9},
	title={PMBP: PatchMatch Belief Propagation for Correspondence Field Estimation},
	url={http://dx.doi.org/10.1007/s11263-013-0653-9},
	publisher={Springer US},
	keywords={Correspondence fields; Belief propagation; PatchMatch},
	author={Besse, Frederic and Rother, Carsten and Fitzgibbon, Andrew and Kautz, Jan},
	pages={2-13},
	language={English}
}

@article{Wu2014,
 author = {Wu, Ruobing and Wang, Wenping and Yu, Yizhou},
 title = {Optimized Synthesis of Art Patterns and Layered Textures},
 journal = {IEEE Transactions on Visualization and Computer Graphics},
 issue_date = {March 2014},
 volume = {20},
 number = {3},
 month = mar,
 year = {2014},
 issn = {1077-2626},
 pages = {436--446},
 numpages = {11},
 url = {http://dx.doi.org/10.1109/TVCG.2013.113},
 doi = {10.1109/TVCG.2013.113},
 acmid = {2574357},
 publisher = {IEEE Educational Activities Department},
 address = {Piscataway, NJ, USA},
 keywords = {Texture synthesis, level set method, line drawing, digital arts, multilayer synthesis},
}


